% Encoding: UTF-8

@book {Ahlfors:1978,
    AUTHOR = {Ahlfors, Lars V.},
     TITLE = {Complex analysis},
   EDITION = {Third},
 PUBLISHER = {McGraw-Hill Book Co., New York},
      YEAR = {1978},
     PAGES = {xi+331},
      ISBN = {0-07-000657-1},
}

@article {Alinhac/Baouendi:1995,
    AUTHOR = {Alinhac, S. and Baouendi, M. S.},
     TITLE = {A nonuniqueness result for operators of principal type},
   JOURNAL = {Math. Z.},
  FJOURNAL = {Mathematische Zeitschrift},
    VOLUME = {220},
      YEAR = {1995},
    NUMBER = {4},
     PAGES = {561--568},
      ISSN = {0025-5874},
       DOI = {10.1007/BF02572631},
       URL = {https://doi-org.ucc.idm.oclc.org/10.1007/BF02572631},
}

@article {Anderson.Fels:2005,
    AUTHOR = {Anderson, I. M. and Fels, M. E.},
     TITLE = {Exterior differential systems with symmetry},
   JOURNAL = {Acta Appl. Math.},
  FJOURNAL = {Acta Applicandae Mathematicae},
    VOLUME = {87},
      YEAR = {2005},
    NUMBER = {1-3},
     PAGES = {3--31},
      ISSN = {0167-8019},
       DOI = {10.1007/s10440-005-1136-y},
       URL = {https://doi-org.ucc.idm.oclc.org/10.1007/s10440-005-1136-y},
}

@Book{BCGGG:1991,
  Title                    = {Exterior differential systems},
  Author                   = {Bryant, Robert L. and Chern, Shiing-Shen and Gardner, R. B. and Goldschmidt, H. L. and Griffiths, P. A.},
  Publisher                = {Springer-Verlag},
  Year                     = {1991},
  Address                  = {New York},
  ISBN                     = {0-387-97411-3},
  Pages                    = {viii+475},
  Timestamp                = {2016.05.10}
}

@Book{Beltrametti.et.al:2009,
  title      = {Lectures on curves, surfaces and projective varieties},
  publisher  = {European Mathematical Society (EMS), Z\"{u}rich},
  year       = {2009},
  author     = {Beltrametti, Mauro C. and Carletti, Ettore and Gallarati, Dionisio and Monti Bragadin, Giacomo},
  pages      = {xvi+491},
  url        = {https://doi.org/10.4171/064},
}

@article {Bierstone/Milman:1988,
    AUTHOR = {Bierstone, Edward and Milman, Pierre D.},
     TITLE = {Semianalytic and subanalytic sets},
   JOURNAL = {Inst. Hautes \'{E}tudes Sci. Publ. Math.},
  FJOURNAL = {Institut des Hautes \'{E}tudes Scientifiques. Publications
              Math\'{e}matiques},
    NUMBER = {67},
      YEAR = {1988},
     PAGES = {5--42},
      ISSN = {0073-8301},
       URL = {http://www.numdam.org/item?id=PMIHES_1988__67__5_0},
}

@Book{Cartan:1992,
  Title                    = {Le\c cons sur la g\'eom\'etrie projective complexe. {L}a th\'eorie des groupes finis et continus et la g\'eom\'etrie diff\'erentielle trait\'ees par la m\'ethode du rep\`ere mobile. {L}e\c cons sur la th\'eorie des espaces \`a connexion projective},
  Author                   = {Cartan, \'Elie},
  Publisher                = {\'Editions Jacques Gabay},
  Year                     = {1992},
  Address                  = {Sceaux},
  ISBN                     = {2-87647-015-2},
  Pages                    = {vii+911},
}

@Book{Cartan:I,
  Title                    = {{\OE}uvres compl\`etes. {P}artie {I}},
  Author                   = {Cartan, \'Elie},
  Publisher                = {\'Editions du Centre National de la Recherche Scientifique (CNRS)},
  Year                     = {1984},
  Address                  = {Paris},
  Edition                  = {Second},
  Note                     = {Groups de Lie},
  ISBN                     = {2-222-03373-X},
  Pages                    = {xxx+1356},
  Timestamp                = {2016.05.10}
}

@Book{Cartan:II,
  Title                    = {{\OE}uvres compl\`etes. {P}artie {II}},
  Author                   = {Cartan, \'Elie},
  Publisher                = {\'Editions du Centre National de la Recherche Scientifique (CNRS)},
  Year                     = {1984},
  Address                  = {Paris},
  Edition                  = {Second},
  Note                     = {Alg\`ebre, syst\`emes diff\'erentiels et probl\`emes d'\'equivalence},
  ISBN                     = {2-222-03373-X},
  Pages                    = {xiii+1384},
  Timestamp                = {2016.05.10}
}

@Book{Cartan:III1,
  Title                    = {{\OE}uvres compl\`etes. {P}artie {III}. {V}ol. 1},
  Author                   = {Cartan, \'Elie},
  Publisher                = {\'Editions du Centre National de la Recherche Scientifique (CNRS)},
  Year                     = {1984},
  Address                  = {Paris},
  Edition                  = {Second},
  Note                     = {G\'eom\'etrie diff\'erentielle. Divers.},
  ISBN                     = {2-222-03373-X},
  Pages                    = {xvi+992},
  Timestamp                = {2016.05.10}
}

@Book{Cartan:III2,
  Title                    = {{\OE}uvres compl\`etes. {P}artie {III}. {V}ol. 2},
  Author                   = {Cartan, \'Elie},
  Publisher                = {\'Editions du Centre National de la Recherche Scientifique (CNRS)},
  Year                     = {1984},
  Address                  = {Paris},
  Edition                  = {Second},
  Note                     = {G\'eom\'etrie diff\'erentielle. Divers, With biographical material by Shiing Shen Chern, Claude Chevalley and J. H. C. Whitehead},
  ISBN                     = {2-222-03373-X},
  Pages                    = {i--xvi\ and 993--1935},
}

@Book{Cartan:1945,
  Title                    = {Les syst\`emes diff\'erentiels ext\'erieurs et leurs applications g\'eom\'etriques},
  Author                   = {Cartan, \'Elie},
  Publisher                = {Hermann et Cie., Paris},
  Year                     = {1945},
  Series                   = {Actualit\'es Sci. Ind., no. 994},
  Pages                    = {214},
}

@Book{Cartan:SDELAG,
  Title                    = {Les syst\`emes diff\'erentiels ext\'erieurs et leurs applications g\'eom\'etriques},
  Author                   = {Cartan, \'Elie},
  Publisher                = {Hermann et Cie., Paris},
  Year                     = {1945},
  Series                   = {Actualit\'es Sci. Ind., no. 994},
  Pages                    = {214},
}

@Article{Cartan:174,
  Title                    = {La geometria de las ecuaciones diferencials de tercer orden},
  Author                   = {Cartan, \'Elie},
  Journal                  = {Rev. Mat. Hispano-Amer.},
  Year                     = {1941},
  Note                     = {also in \cite{Cartan:III2}, pp. 1535--1566},
  Pages                    = {1-31},
  Volume                   = {4},
}

@Article{Cartan:1938,
  Title                    = {Les espaces g\'en\'eralis\'es et l'integration de certaines classes d'\'equations differentielles},
  Author                   = {Cartan, \'Elie},
  Journal                  = {C. R. Acad. Sci. Paris S\'er. I Math.},
  Year                     = {1938},
  Note                     = {also in \cite{Cartan:III2}, pp. 1621-1636},
  Number                   = {206},
  Pages                    = {1689--1693},
}

@Article{Cartan:161,
  Title                    = {Les probl{\`e}mes de equivalence},
  Author                   = {Cartan, \'Elie},
  Journal                  = {S{\'e}minaire de Math.},
  Year                     = {1937},
  Month                    = {janvier},
  Note                     = {Also in \cite{Cartan:II}, pp. 1311--1334},
  Pages                    = {113--136},
  Volume                   = {expos{\'e} D},
}

@Article{Cartan:136,
  Title                    = {Sur la g\'eometrie pseudo--conforme des hypersurfaces de l'espace de deux variables complexes, {I}},
  Author                   = {Cartan, \'Elie},
  Journal                  = {Annali di Matematica Pura ed Applicata},
  Year                     = {1932},
  Note                     = {Also in \cite{Cartan:II}, pp. 1232--1305},
  Pages                    = {17--90},
  Volume                   = {11},
}

@Article{Cartan:136bis,
  Title                    = {Sur la g\'eometrie pseudo--conforme des hypersurfaces de l'espace de deux variables complexes, {II}},
  Author                   = {Cartan, \'Elie},
  Journal                  = {Annali Sc. Norm. Sup. Pisa},
  Year                     = {1932},
  Note                     = {Also in \cite{Cartan:III2}, pp. 1217--1238},
  Pages                    = {333--354},
  Volume                   = {1},
}

@Article{Cartan:70,
  Title                    = {Sur les vari{\'e}t{\'e}s {\`a} connection projective},
  Author                   = {Cartan, \'Elie},
  Journal                  = {Bull. Soc. Math.},
  Year                     = {1924},
  Pages                    = {205--241},
  Volume                   = {52},
  Optnote                  = {Also in \cite{Cartan:III}, pp. 825--862},
}

@Article{Cartan:68,
  Title                    = {Les espaces {\`a} connexion conforme},
  Author                   = {Cartan, \'Elie},
  Journal                  = {Ann. Soc. Polon. Mat.},
  Year                     = {1923},
  Note                     = {Also in \cite{Cartan:III2}, pp. 747--797},
  Pages                    = {171--221},
  Volume                   = {2},
}

@Article{Cartan:30,
  Title                    = {Les syst\`emes de {P}faff \`a cinq variables et les \'equations aux d\'eriv\'ees partielle du second ordre},
  Author                   = {Cartan, \'Elie},
  Journal                  = {Ann. {\'E}c. Norm.},
  Year                     = {1910},
  Note                     = {Also in \cite{Cartan:II}, pp. 927--1010},
  Pages                    = {109--192},
  Volume                   = {27},
}

@Article{Cartan:1908,
  Title                    = {Les sous-groupes des groupes continus de transformations},
  Author                   = {Cartan, \'Elie},
  Journal                  = {Annales de l'{\'E}cole Normale},
  Year                     = {1908},
  Month                    = {February},
  Note                     = {Also in \cite{Cartan:II}, pp. 719--856},
  Pages                    = {57--194},
  Volume                   = {25},
}

@Article{Cartan:1893,
  Title                    = {{\"U}ber die einfachen {T}ransformationsgruppen},
  Author                   = {Cartan, \'Elie},
  Journal                  = {Leipz. Ber.},
  Year                     = {1893},
  Month                    = jun,
  Note                     = {Also in \cite{Cartan:I}, pp. 107--132},
  Pages                    = {395--420},
}

@article {Cartan:1944,
    AUTHOR = {Cartan, Henri},
     TITLE = {Id\'{e}aux de fonctions analytiques de {$n$} variables complexes},
   JOURNAL = {Ann. Sci. \'{E}cole Norm. Sup. (3)},
  FJOURNAL = {Annales Scientifiques de l'\'{E}cole Normale Sup\'{e}rieure. Troisi\`eme
              S\'{e}rie},
    VOLUME = {61},
      YEAR = {1944},
     PAGES = {149--197},
      ISSN = {0012-9593},
       URL = {http://www.numdam.org/item?id=ASENS_1944_3_61__149_0},
}

@incollection {Chern:1989,
    AUTHOR = {Chern, Shiing Shen},
     TITLE = {Vector bundles with a connection},
 BOOKTITLE = {Global differential geometry},
    SERIES = {MAA Stud. Math.},
    VOLUME = {27},
     PAGES = {1--26},
 PUBLISHER = {Math. Assoc. America, Washington, DC},
      YEAR = {1989},
}

@Book{Darboux:1993,
  Title                    = {Le\c cons sur les syst\`emes orthogonaux et les coordonn\'ees curvilignes. {P}rincipes de g\'eom\'etrie analytique},
  Author                   = {Darboux, Gaston},
  Publisher                = {\'Editions Jacques Gabay, Sceaux},
  Year                     = {1993},
  Series                   = {Les Grands Classiques Gauthier-Villars},
  ISBN                     = {2-87647-016-0},
  Pages                    = {600},
}

@Article{DeTurck/Yang:1984,
  Title                    = {Existence of elastic deformations with prescribed principal strains and triply orthogonal systems},
  Author                   = {DeTurck, Dennis M. and Yang, Deane},
  Journal                  = {Duke Math. J.},
  Year                     = {1984},
  Month                    = {06},
  Number                   = {2},
  Pages                    = {243--260},
  Volume                   = {51},
  Doi                      = {10.1215/S0012-7094-84-05114-7},
  Fjournal                 = {Duke Mathematical Journal},
  Owner                    = {user},
  Publisher                = {Duke University Press},
  Timestamp                = {2016.05.31},
  Url                      = {http://dx.doi.org/10.1215/S0012-7094-84-05114-7}
}

@InCollection{Douady/Buff:2000,
  Title                    = {Le th\'eor\`eme d'int\'egrabilit\'e des structures presque complexes},
  Author                   = {Douady, Adrien and Buff, X.},
  Booktitle                = {The {M}andelbrot set, theme and variations},
  Publisher                = {Cambridge Univ. Press, Cambridge},
  Year                     = {2000},
  Pages                    = {307--324},
  Series                   = {London Math. Soc. Lecture Note Ser.},
  Volume                   = {274},
}

@book {Eisenbud:1995,
    AUTHOR = {Eisenbud, David},
     TITLE = {Commutative algebra},
 PUBLISHER = {Springer-Verlag, New York},
      YEAR = {1995},
     PAGES = {xvi+785},
      ISBN = {0-387-94268-8; 0-387-94269-6},
       DOI = {10.1007/978-1-4612-5350-1},
       URL = {https://doi-org.ucc.idm.oclc.org/10.1007/978-1-4612-5350-1},
}

@book {Folland:1992,
    AUTHOR = {Folland, Gerald B.},
     TITLE = {Fourier analysis and its applications},
 PUBLISHER = {Wadsworth \& Brooks/Cole Advanced Books \& Software, Pacific
              Grove, CA},
      YEAR = {1992},
     PAGES = {x+433},
      ISBN = {0-534-17094-3},
}

@book {Folland:1995,
    AUTHOR = {Folland, Gerald B.},
     TITLE = {Introduction to partial differential equations},
   EDITION = {Second},
 PUBLISHER = {Princeton University Press, Princeton, NJ},
      YEAR = {1995},
     PAGES = {xii+324},
      ISBN = {0-691-04361-2},
}

@article {Grauert:1958,
    AUTHOR = {Grauert, Hans},
     TITLE = {On {L}evi's problem and the imbedding of real-analytic
              manifolds},
   JOURNAL = {Ann. of Math. (2)},
  FJOURNAL = {Annals of Mathematics. Second Series},
    VOLUME = {68},
      YEAR = {1958},
     PAGES = {460--472},
      ISSN = {0003-486X},
       DOI = {10.2307/1970257},
       URL = {https://doi-org.ucc.idm.oclc.org/10.2307/1970257},
}

@book {Grauert/Remmert:1984,
    AUTHOR = {Grauert, Hans and Remmert, Reinhold},
     TITLE = {Coherent analytic sheaves},
    SERIES = {Grundlehren der Mathematischen Wissenschaften},
    VOLUME = {265},
 PUBLISHER = {Springer-Verlag, Berlin},
      YEAR = {1984},
     PAGES = {xviii+249},
      ISBN = {3-540-13178-7},
       DOI = {10.1007/978-3-642-69582-7},
       URL = {https://doi.org/10.1007/978-3-642-69582-7},
}
@book {Griffiths:1989,
    AUTHOR = {Griffiths, Phillip A.},
     TITLE = {Introduction to algebraic curves},
 PUBLISHER = {American Mathematical Society, Providence, RI},
      YEAR = {1989},
     PAGES = {x+221},
      ISBN = {0-8218-4530-6},
}
@book {Gromov:2007,
    AUTHOR = {Gromov, Misha},
     TITLE = {Metric structures for {R}iemannian and non-{R}iemannian
              spaces},
 PUBLISHER = {Birkh\"{a}user Boston, Inc., Boston, MA},
      YEAR = {2007},
     PAGES = {xx+585},
      ISBN = {978-0-8176-4582-3; 0-8176-4582-9},
}

@book {Guaraldo/Macri/Tancredi:1986,
    AUTHOR = {Guaraldo, Francesco and Macr\`\i , Patrizia and Tancredi,
              Alessandro},
     TITLE = {Topics on real analytic spaces},
 PUBLISHER = {Friedr. Vieweg \& Sohn, Braunschweig},
      YEAR = {1986},
     PAGES = {x+163},
      ISBN = {3-528-08963-6},
       DOI = {10.1007/978-3-322-84243-5},
       URL = {https://doi-org.ucc.idm.oclc.org/10.1007/978-3-322-84243-5},
}

@book {Gunning/Rossi:2009,
    AUTHOR = {Gunning, Robert C. and Rossi, Hugo},
     TITLE = {Analytic functions of several complex variables},
 PUBLISHER = {AMS Chelsea Publishing, Providence, RI},
      YEAR = {2009},
     PAGES = {xiv+318},
      ISBN = {978-0-8218-2165-7},
       DOI = {10.1090/chel/368},
       URL = {https://doi.org/10.1090/chel/368},
}

@Book{Han/Hong:2006,
  Title                    = {Isometric embedding of {R}iemannian manifolds in {E}uclidean spaces},
  Author                   = {Han, Qing and Hong, Jia-Xing},
  Publisher                = {American Mathematical Society, Providence, RI},
  Year                     = {2006},
  Doi                      = {10.1090/surv/130},
  ISBN                     = {978-0-8218-4071-9; 0-8218-4071-1},
  Pages                    = {xiv+260},
  Url                      = {http://0-dx.doi.org.library.ucc.ie/10.1090/surv/130}
}

@article {Hill/Taylor:2003,
    AUTHOR = {Hill, C. Denson and Taylor, Michael},
     TITLE = {Integrability of rough almost complex structures},
   JOURNAL = {J. Geom. Anal.},
  FJOURNAL = {The Journal of Geometric Analysis},
    VOLUME = {13},
      YEAR = {2003},
    NUMBER = {1},
     PAGES = {163--172},
      ISSN = {1050-6926},
       DOI = {10.1007/BF02931002},
       URL = {https://doi-org.ucc.idm.oclc.org/10.1007/BF02931002},
}

@book {Hoermander:1990,
    AUTHOR = {H\"{o}rmander, Lars},
     TITLE = {An introduction to complex analysis in several variables},
   EDITION = {Third},
 PUBLISHER = {North-Holland Publishing Co., Amsterdam},
      YEAR = {1990},
     PAGES = {xii+254},
      ISBN = {0-444-88446-7},
}

@Book{Ivey/Landsberg:2003,
  Title                    = {Cartan for beginners: differential geometry via moving frames and exterior differential systems},
  Author                   = {Ivey, Thomas A. and Landsberg, J. M.},
  Publisher                = {American Mathematical Society, Providence, RI},
  Year                     = {2003},
  ISBN                     = {0-8218-3375-8},
  Pages                    = {xiv+378},
}

@book {John:1991,
    AUTHOR = {John, Fritz},
     TITLE = {Partial differential equations},
    SERIES = {Applied Mathematical Sciences},
    VOLUME = {1},
   EDITION = {fourth},
 PUBLISHER = {Springer-Verlag, New York},
      YEAR = {1991},
     PAGES = {x+249},
      ISBN = {0-387-90609-6},
   MRCLASS = {35-01},
  MRNUMBER = {1185075},
}
@article{enciso2020ramified,
    title={Ramified local isometric embeddings of singular {R}iemannian metrics},
    author={Alberto Enciso and Niky Kamran},
      journal = {arXiv e-prints},
    year={2020},
    month=jul,
        pages = {arXiv:2007.02061},
    eprint={2007.02061},
    archivePrefix={arXiv},
    primaryClass={math.DG}
}
@article {Kitagawa:1990,
    AUTHOR = {Kitagawa, Keiichiro},
     TITLE = {Sur le th\'{e}or\`eme de {C}auchy-{K}owalevski: une remarque sur le
              m\'{e}moire du m\^{e}me titre de {S}. {M}izohata},
   JOURNAL = {J. Math. Kyoto Univ.},
  FJOURNAL = {Journal of Mathematics of Kyoto University},
    VOLUME = {30},
      YEAR = {1990},
    NUMBER = {1},
     PAGES = {1--32},
      ISSN = {0023-608X},
   MRCLASS = {35A10},
  MRNUMBER = {1041710},
MRREVIEWER = {S. S. Titov},
       DOI = {10.1215/kjm/1250520120},
       URL = {https://doi-org.ucc.idm.oclc.org/10.1215/kjm/1250520120},
}
@book {Krantz/Parks:2002,
    AUTHOR = {Krantz, Steven G. and Parks, Harold R.},
     TITLE = {A primer of real analytic functions},
   EDITION = {Second},
 PUBLISHER = {Birkh\"{a}user Boston, Inc., Boston, MA},
      YEAR = {2002},
     PAGES = {xiv+205},
      ISBN = {0-8176-4264-1},
       DOI = {10.1007/978-0-8176-8134-0},
       URL = {https://doi-org.ucc.idm.oclc.org/10.1007/978-0-8176-8134-0},
}

@article {Lewy:1957,
    AUTHOR = {Lewy, Hans},
     TITLE = {An example of a smooth linear partial differential equation
              without solution},
   JOURNAL = {Ann. of Math. (2)},
  FJOURNAL = {Annals of Mathematics. Second Series},
    VOLUME = {66},
      YEAR = {1957},
     PAGES = {155--158},
      ISSN = {0003-486X},
       DOI = {10.2307/1970121},
       URL = {https://doi-org.ucc.idm.oclc.org/10.2307/1970121},
}

@book {Lieb/Loss:2001,
    AUTHOR = {Lieb, Elliott H. and Loss, Michael},
     TITLE = {Analysis},
   EDITION = {Second},
 PUBLISHER = {American Mathematical Society, Providence, RI},
      YEAR = {2001},
     PAGES = {xxii+346},
      ISBN = {0-8218-2783-9},
       DOI = {10.1090/gsm/014},
       URL = {https://doi.org/10.1090/gsm/014},
}

@book {Malgrange:2005,
    AUTHOR = {Malgrange, Bernard},
     TITLE = {Syst\`emes diff\'{e}rentiels involutifs},
    SERIES = {Panoramas et Synth\`eses},
    VOLUME = {19},
 PUBLISHER = {Soci\'{e}t\'{e} Math\'{e}matique de France, Paris},
      YEAR = {2005},
     PAGES = {vi+106},
      ISBN = {2-85629-178-3},
}

@book{McKay:2018,
Title			= {Stokes's Theorem},
Author			= {Benjamin McKay},
Publisher		= {Creative commons licence},
Year			= {2018},
}

@book{McKay:2018b,
Title			= {Introduction to Partial Differential Equations},
Author			= {Benjamin McKay},
Publisher		= {Creative commons licence},
Year			= {2018},
}
@book {Needham:1997,
    AUTHOR = {Needham, Tristan},
     TITLE = {Visual complex analysis},
 PUBLISHER = {The Clarendon Press, Oxford University Press, New York},
      YEAR = {1997},
     PAGES = {xxiv+592},
      ISBN = {0-19-853447-7},
}
@Article{Nomizu/Ozeki:1961,
  Title                    = {The existence of complete {R}iemannian metrics},
  Author                   = {Nomizu, Katsumi and Ozeki, Hideki},
  Journal                  = {Proc. Amer. Math. Soc.},
  Year                     = {1961},
  Pages                    = {889--891},
  Volume                   = {12},
  Doi                      = {10.2307/2034383},
  Fjournal                 = {Proceedings of the American Mathematical Society},
  ISSN                     = {0002-9939},
  Url                      = {http://0-dx.doi.org.library.ucc.ie/10.2307/2034383}
}

@book {Onishchik/Sulanke:2006,
    AUTHOR = {Onishchik, Arkady L. and Sulanke, Rolf},
     TITLE = {Projective and {C}ayley-{K}lein geometries},
    SERIES = {Springer Monographs in Mathematics},
 PUBLISHER = {Springer-Verlag, Berlin},
      YEAR = {2006},
     PAGES = {xvi+432},
      ISBN = {978-3-540-35644-8; 3-540-35644-4},
}



@Article{Zakharov:1998,
  Title                    = {Description of the {$n$}-orthogonal curvilinear coordinate systems and {H}amiltonian integrable systems of hydrodynamic type. {I}. {I}ntegration of the {L}am\'e equations},
  Author                   = {Zakharov, Vladimir E.},
  Journal                  = {Duke Math. J.},
  Year                     = {1998},
  Number                   = {1},
  Pages                    = {103--139},
  Volume                   = {94},
  Coden                    = {DUMJAO},
  Doi                      = {10.1215/S0012-7094-98-09406-6},
  Fjournal                 = {Duke Mathematical Journal},
  ISSN                     = {0012-7094},
  Url                      = {http://0-dx.doi.org.library.ucc.ie/10.1215/S0012-7094-98-09406-6}
}

@Book{Terng/Uhlenbeck:1998,
  Title                    = {Surveys in differential geometry: integral systems [integrable systems]},
  Editor                   = {Terng, Chuu Lian and Uhlenbeck, Karen},
  Publisher                = {International Press, Boston, MA},
  Year                     = {1998},
  ISBN                     = {1-57146-066-7},
  Pages                    = {519},
}

@book {Shabat:1992,
    AUTHOR = {Shabat, B. V.},
     TITLE = {Introduction to complex analysis. {P}art {II}},
 PUBLISHER = {American Mathematical Society, Providence, RI},
      YEAR = {1992},
     PAGES = {x+371},
      ISBN = {0-8218-4611-6},
}

@Book{Shafarevich:2013.II,
  title     = {Basic algebraic geometry. 2},
  publisher = {Springer, Heidelberg},
  year      = {2013},
  author    = {Shafarevich, Igor R.},
  edition   = {Third},
  isbn      = {978-3-642-38009-9; 978-3-642-38010-5},
  pages     = {xiv+262},
}

@Article{Cartan:1911,
  author    = {Cartan, {\'E}lie},
  title     = {Sur les syst\`emes en involution d'\'equations aux d\'eriv\'ees partielles du second ordre \`a une fonction inconnue de trois variables ind\'ependantes},
  journal   = {Bull. Soc. Math. France},
  year      = {1911},
  volume    = {39},
  pages     = {352--443},
  issn      = {0037-9484},
  coden     = {BSMFAA},
  fjournal  = {Bulletin de la Soci\'et\'e Math\'ematique de France},
  url       = {http://www.numdam.org/item?id=BSMF_1911__39__352_1},
}

@misc{Demailly:2012,
  author = {Demailly, Jean-Pierre},
  title  = {Complex {A}nalytic and {D}ifferential {G}eometry},
  month  = {June},
  year   = {2012},
  howpublished = "\url{www-fourier.ujf-grenoble.fr/~demailly/manuscripts/agbook.pdf}",
  note = "[Online; accessed 8-September-2019]",
}

@book {doCarmo:1992,
    AUTHOR = {do Carmo, Manfredo Perdig\~{a}o},
     TITLE = {Riemannian geometry},
 PUBLISHER = {Birkh\"{a}user Boston, Inc., Boston, MA},
      YEAR = {1992},
     PAGES = {xiv+300},
      ISBN = {0-8176-3490-8},
       DOI = {10.1007/978-1-4757-2201-7},
       URL = {https://doi.org/10.1007/978-1-4757-2201-7},
}

@book {Gallot.Hulin.Lafontaine:2004,
    AUTHOR = {Gallot, Sylvestre and Hulin, Dominique and Lafontaine,
              Jacques},
     TITLE = {Riemannian geometry},
    SERIES = {Universitext},
   EDITION = {Third},
 PUBLISHER = {Springer-Verlag, Berlin},
      YEAR = {2004},
     PAGES = {xvi+322},
      ISBN = {3-540-20493-8},
       DOI = {10.1007/978-3-642-18855-8},
       URL = {https://doi.org/10.1007/978-3-642-18855-8},
}

@Book{Hungerford:1980,
  title     = {Algebra},
  publisher = {Springer-Verlag, New York-Berlin},
  year      = {1980},
  author    = {Hungerford, Thomas W.},
  isbn      = {0-387-90518-9},
  note      = {Reprint of the 1974 original},
  pages     = {xxiii+502},
}

@article {Kakie:1989,
    AUTHOR = {Kaki\'{e}, Kunio},
     TITLE = {On the integration of involutive systems of nonlinear partial
              differential equations},
   JOURNAL = {J. Fac. Sci. Univ. Tokyo Sect. IA Math.},
  FJOURNAL = {Journal of the Faculty of Science. University of Tokyo.
              Section IA. Mathematics},
    VOLUME = {36},
      YEAR = {1989},
    NUMBER = {3},
     PAGES = {537--569},
      ISSN = {0040-8980},
}

@article {Kakie:2008,
    AUTHOR = {Kaki\'{e}, Kunio},
     TITLE = {Overdetermined elliptic systems of nonlinear differential
              equations in two independent variables},
   JOURNAL = {Comment. Math. Univ. St. Pauli},
  FJOURNAL = {Commentarii Mathematici Universitatis Sancti Pauli},
    VOLUME = {57},
      YEAR = {2008},
    NUMBER = {2},
     PAGES = {91--136},
      ISSN = {0010-258X},
}

@article {Metivier:1993,
    AUTHOR = {M\'{e}tivier, G.},
     TITLE = {Counterexamples to {H}\"{o}lmgren's uniqueness for analytic
              nonlinear {C}auchy problems},
   JOURNAL = {Invent. Math.},
  FJOURNAL = {Inventiones Mathematicae},
    VOLUME = {112},
      YEAR = {1993},
    NUMBER = {1},
     PAGES = {217--222},
      ISSN = {0020-9910},
       DOI = {10.1007/BF01232431},
       URL = {https://doi-org.ucc.idm.oclc.org/10.1007/BF01232431},
}

@incollection {Metivier:2005,
    AUTHOR = {M\'{e}tivier, Guy},
     TITLE = {Remarks on the well-posedness of the nonlinear {C}auchy
              problem},
 BOOKTITLE = {Geometric analysis of {PDE} and several complex variables},
     PAGES = {337--356},
 PUBLISHER = {Amer. Math. Soc., Providence, RI},
      YEAR = {2005},
       DOI = {10.1090/conm/368/06790},
       URL = {https://doi-org.ucc.idm.oclc.org/10.1090/conm/368/06790},
}

@book {Milnor:1963,
    AUTHOR = {Milnor, John},
     TITLE = {Morse theory},
 PUBLISHER = {Princeton University Press, Princeton, N.J.},
      YEAR = {1963},
     PAGES = {vi+153},
}

@book {Morgan:1998,
    AUTHOR = {Morgan, Frank},
     TITLE = {Riemannian geometry},
   EDITION = {Second},
      NOTE = {A beginner's guide},
 PUBLISHER = {A K Peters, Ltd., Wellesley, MA},
      YEAR = {1998},
     PAGES = {x+156},
      ISBN = {1-56881-073-3},
}

@book {Narasimhan:1966,
    AUTHOR = {Narasimhan, Raghavan},
     TITLE = {Introduction to the theory of analytic spaces},
 PUBLISHER = {Springer-Verlag, Berlin-New York},
      YEAR = {1966},
     PAGES = {iii+143},
}

@book {ONeill:1983,
    AUTHOR = {O'Neill, Barrett},
     TITLE = {Semi-{R}iemannian geometry},
 PUBLISHER = {Academic Press, Inc. [Harcourt Brace Jovanovich, Publishers],
              New York},
      YEAR = {1983},
     PAGES = {xiii+468},
      ISBN = {0-12-526740-1},
}

@ARTICLE{PhatNguyen:2014,
       author = {{Phat Nguyen}, Nicholas},
        title = "A note on graded rings and modules",
      journal = {arXiv e-prints},
     keywords = {Mathematics - Commutative Algebra},
         year = 2014,
        month = apr,
          eid = {arXiv:1404.4279},
        pages = {arXiv:1404.4279},
archivePrefix = {arXiv},
       eprint = {1404.4279},
 primaryClass = {math.AC},
       adsurl = {https://ui.adsabs.harvard.edu/abs/2014arXiv1404.4279P},
      adsnote = {Provided by the SAO/NASA Astrophysics Data System}
}


@Book{Reid:1988,
  title      = {Undergraduate algebraic geometry},
  publisher  = {Cambridge University Press, Cambridge},
  year       = {1988},
  author     = {Reid, Miles},
  isbn       = {0-521-35559-1; 0-521-35662-8},
  doi        = {10.1017/CBO9781139163699},
  pages      = {viii+129},
  url        = {https://homepages.warwick.ac.uk/staff/Miles.Reid/MA4A5/UAG.pdf},
  howpublished = "\url{https://homepages.warwick.ac.uk/staff/Miles.Reid/MA4A5/UAG.pdf}",
  note = "[Online; accessed 21-April-2022]",
}

@Book{Shafarevich:2013.I,
  title     = {Basic algebraic geometry. 1},
  publisher = {Springer, Heidelberg},
  year      = {2013},
  author    = {Shafarevich, Igor R.},
  edition   = {Third},
  isbn      = {978-3-642-37955-0; 978-3-642-37956-7},
  note      = {Varieties in projective space},
  pages     = {xviii+310},
}

@book {Saint-Gervais:2010,
    AUTHOR = {de Saint-Gervais, Henri Paul},
     TITLE = {Uniformisation des surfaces de {R}iemann},
 PUBLISHER = {ENS \'{E}ditions, Lyon},
      YEAR = {2010},
     PAGES = {544},
      ISBN = {978-2-84788-233-9},
}

@book {Serre:2006,
    AUTHOR = {Serre, Jean-Pierre},
     TITLE = {Lie algebras and {L}ie groups},
 PUBLISHER = {Springer-Verlag, Berlin},
      YEAR = {2006},
     PAGES = {viii+168},
      ISBN = {978-3-540-55008-2; 3-540-55008-9},
   MRCLASS = {17-01 (22-01)},
  MRNUMBER = {2179691},
}

@book {Stein/Shakarchi:2003,
    AUTHOR = {Stein, Elias M. and Shakarchi, Rami},
     TITLE = {Complex analysis},
 PUBLISHER = {Princeton University Press, Princeton, NJ},
      YEAR = {2003},
     PAGES = {xviii+379},
      ISBN = {0-691-11385-8},
}

@book {Stillwell:2008,
    AUTHOR = {Stillwell, John},
     TITLE = {Naive {L}ie theory},
 PUBLISHER = {Springer, New York},
      YEAR = {2008},
     PAGES = {xiv+217},
      ISBN = {978-0-387-78214-0},
       DOI = {10.1007/978-0-387-78214-0},
       URL = {https://doi.org/10.1007/978-0-387-78214-0},
}

@book {Taylor:2002,
    AUTHOR = {Taylor, Joseph L.},
     TITLE = {Several complex variables with connections to algebraic
              geometry and {L}ie groups},
 PUBLISHER = {American Mathematical Society, Providence, RI},
      YEAR = {2002},
     PAGES = {xvi+507},
      ISBN = {0-8218-3178-X},
       DOI = {10.1090/gsm/046},
       URL = {https://doi.org/10.1090/gsm/046},
}

@book {Taylor:2011,
    AUTHOR = {Taylor, Michael E.},
     TITLE = {Partial differential equations {III}. {N}onlinear equations},
   EDITION = {Second},
 PUBLISHER = {Springer, New York},
      YEAR = {2011},
     PAGES = {xxii+715},
      ISBN = {978-1-4419-7048-0},
       DOI = {10.1007/978-1-4419-7049-7},
       URL = {https://doi-org.ucc.idm.oclc.org/10.1007/978-1-4419-7049-7},
}

@incollection {Tognoli:1996,
    AUTHOR = {Tognoli, A.},
     TITLE = {Approximation theorems in real analytic and algebraic
              geometry},
 BOOKTITLE = {Lectures in real geometry ({M}adrid, 1994)},
     PAGES = {113--166},
 PUBLISHER = {de Gruyter, Berlin},
      YEAR = {1996},
}

@misc{Lewis:2017,
  author = {Lewis, Andrew D.},
  title  = {Notes on global analysis},
  year = {2017},
  howpublished = "\url{https://mast.queensu.ca/~andrew/teaching/math942}",
  note = "[Online; accessed 4-September-2019]",
}

@article {Yang:1987,
    AUTHOR = {Yang, Deane},
     TITLE = {Involutive hyperbolic differential systems},
   JOURNAL = {Mem. Amer. Math. Soc.},
  FJOURNAL = {Memoirs of the American Mathematical Society},
    VOLUME = {68},
      YEAR = {1987},
    NUMBER = {370},
     PAGES = {xii+93},
      ISSN = {0065-9266},
       DOI = {10.1090/memo/0370},
       URL = {https://doi-org.ucc.idm.oclc.org/10.1090/memo/0370},
}

@book {Weil:1958,
    AUTHOR = {Weil, Andr\'{e}},
     TITLE = {Introduction \`a l'\'{e}tude des vari\'{e}t\'{e}s k\"{a}hl\'{e}riennes},
    SERIES = {Publications de l'Institut de Math\'{e}matique de l'Universit\'{e} de
              Nancago, VI. Actualit\'{e}s Sci. Ind. no. 1267},
 PUBLISHER = {Hermann, Paris},
      YEAR = {1958},
     PAGES = {175},
   MRCLASS = {57.00},
  MRNUMBER = {0111056},
MRREVIEWER = {F. Hirzebruch},
}

@BOOK{Whittaker/Watson:1996,
  title = {A course of modern analysis},
  publisher = {Cambridge University Press},
  year = {1996},
  author = {Whittaker, E. T. and Watson, G. N.},
  pages = {vi+608},
  address = {Cambridge},
  isbn = {0-521-58807-3},
}




@Comment{jabref-meta: databaseType:bibtex;}
